%! Author = Matteo
%! Date = 10/06/2022

@article{Dirac19,
    author = "Dirac",
    title = "Titolo",
    journal = "Journal",
    year = "1953",
}

@article{gelman2019source,
  title={Source code analysis dataset},
  author={Gelman, Ben and Obayomi, Banjo and Moore, Jessica and Slater, David},
  journal={Data in brief},
  volume={27},
  pages={104712},
  year={2019},
  publisher={Elsevier}
}

@inproceedings{papamichail2016user,
  title={User-perceived source code quality estimation based on static analysis metrics},
  author={Papamichail, Michail and Diamantopoulos, Themistoklis and Symeonidis, Andreas},
  booktitle={2016 IEEE International Conference on Software Quality, Reliability and Security (QRS)},
  pages={100--107},
  year={2016},
  organization={IEEE}
}

@inproceedings{kovalenko2019pathminer,
  title={PathMiner: a library for mining of path-based representations of code},
  author={Kovalenko, Vladimir and Bogomolov, Egor and Bryksin, Timofey and Bacchelli, Alberto},
  booktitle={Proceedings of the 16th International Conference on Mining Software Repositories},
  pages={13--17},
  year={2019},
  organization={IEEE Press}
}

@article{alon2019code2vec,
 author = {Alon, Uri and Zilberstein, Meital and Levy, Omer and Yahav, Eran},
 title = {Code2Vec: Learning Distributed Representations of Code},
 journal = {Proc. ACM Program. Lang.},
 issue_date = {January 2019},
 volume = {3},
 number = {POPL},
 month = jan,
 year = {2019},
 issn = {2475-1421},
 pages = {40:1--40:29},
 articleno = {40},
 numpages = {29},
 url = {http://doi.acm.org/10.1145/3290353},
 doi = {10.1145/3290353},
 acmid = {3290353},
 publisher = {ACM},
 address = {New York, NY, USA},
 keywords = {Big Code, Distributed Representations, Machine Learning},
}

@article{chawla2002smote,
  title={SMOTE: synthetic minority over-sampling technique},
  author={Chawla, Nitesh V and Bowyer, Kevin W and Hall, Lawrence O and Kegelmeyer, W Philip},
  journal={Journal of artificial intelligence research},
  volume={16},
  pages={321--357},
  year={2002}
}

@article{kingma2014adam,
  title={Adam: A method for stochastic optimization},
  author={Kingma, Diederik P and Ba, Jimmy},
  journal={arXiv preprint arXiv:1412.6980},
  year={2014}
}

@inproceedings{bui2021infercode,
  title={Infercode: Self-supervised learning of code representations by predicting subtrees},
  author={Bui, Nghi DQ and Yu, Yijun and Jiang, Lingxiao},
  booktitle={2021 IEEE/ACM 43rd International Conference on Software Engineering (ICSE)},
  pages={1186--1197},
  year={2021},
  organization={IEEE}
}
