%! Author = Matteo
%! Date = 10/06/2022

@article{Dirac19,
    author = "Dirac",
    title = "Titolo",
    journal = "Jounal",
    year = "1953",
}